@article{Reference1, title={ConvLSTM2D Layer}, volume={58}, url={https://keras.io/api/layers/recurrent_layers/conv_lstm2d/}, DOI={10.22144/ctu.jvn.2022.217}, abstractNote={}}

@article{Reference2,title={Long-term Recurrent Convolutional Networks for Visual Recognition and Description},
	Url = {https://arxiv.org/abs/1411.4389source=post_page---------------------------},
	year={2018}
}

@article{Reference3,title={Dataset UCF50},
	Url = {https://www.crcv.ucf.edu/data/UCF50_files/MVAP_UCF50.pdf},
	year={2017}
}




@article{Reference4,title={Convolutional Neural Networks},
	Url = {https://www.ibm.com/topics/convolutional-neural-networks},
	year={2021}
}
@article{Reference5,title={TimeDistributed layer},
	Url = {https://keras.io/api/layers/recurrent_layers/time_distributed/}
}
@Inbook{Bisong2019,
	author="Bisong, Ekaba",
	title="Google Colaboratory",
	bookTitle="Building Machine Learning and Deep Learning Models on Google Cloud Platform: A Comprehensive Guide for Beginners",
	year="2019",
	publisher="Apress",
	address="Berkeley, CA",
	pages="59--64",
	abstract="Google Colaboratory more commonly referred to as ``Google Colab'' or just simply ``Colab'' is a research project for prototyping machine learning models on powerful hardware options such as GPUs and TPUs. It provides a serverless Jupyter notebook environment for interactive development. Google Colab is free to use like other G Suite products.",
	isbn="978-1-4842-4470-8",
	doi="10.1007/978-1-4842-4470-8_7",
	url="https://doi.org/10.1007/978-1-4842-4470-8_7"
}

	





